@article{strack2014dataset,
    author = {Strack, Beata and DeShazo, Jonathan P. and  Gennings, Chris and  Olmo, Juan L. and Ventura, Sebastian and Cios, Krzysztof J. and Clore, John N.},
    title = {Impact of {HbA1c} Measurement on Hospital Readmission Rates: Analysis of 70,000 Clinical Database Patient Records},
    journal = {BioMed Research International},
    year = {2014},
}

@inproceedings{OlsonGECCO2016,
    author = {Olson, Randal S. and Bartley, Nathan and Urbanowicz, Ryan J. and Moore, Jason H.},
    title = {Evaluation of a Tree-based Pipeline Optimization Tool for Automating Data Science},
    booktitle = {Proceedings of the Genetic and Evolutionary Computation Conference 2016},
    series = {GECCO '16},
    year = {2016},
    isbn = {978-1-4503-4206-3},
    location = {Denver, Colorado, USA},
    pages = {485--492},
    numpages = {8},
    url = {http://doi.acm.org/10.1145/2908812.2908918},
    doi = {10.1145/2908812.2908918},
    acmid = {2908918},
    publisher = {ACM},
    address = {New York, NY, USA},
}